@article{designengine,
  title={ausgef{\"u}hrt am Institut f{\"u}r Computergraphik und Algorithmen der Technischen Universit{\"a}t Wien},
  author={Bauchinger, Matthias}
}

@book{mathphysics,
  title={Game Physics Cookbook},
  author={Szauer, G.},
  isbn={9781787120815},
  url={https://books.google.co.uk/books?id=frkrDwAAQBAJ},
  year={2017},
  publisher={Packt Publishing}
}

@book{opengl30,
  Author = {Dave Shreiner and Bill The Khronos OpenGL ARB Working Group},
  Title = {OpenGL Programming Guide: The Official Guide to Learning OpenGL, Versions 3.0 and 3.1 (7th Edition)},
  Publisher = {Addison-Wesley Professional},
  Year = {2009},
  ISBN = {0321552628},
  URL = {https://www.amazon.com/OpenGL-Programming-Guide-Official-Learning/dp/0321552628?SubscriptionId=AKIAIOBINVZYXZQZ2U3A&tag=chimbori05-20&linkCode=xm2&camp=2025&creative=165953&creativeASIN=0321552628}
}